[gd_scene load_steps=11 format=2]

[ext_resource path="res://scripts/GameManager.gd" type="Script" id=1]
[ext_resource path="res://scenes/TitleLabel.tscn" type="PackedScene" id=2]
[ext_resource path="res://scenes/BrowseButton.tscn" type="PackedScene" id=3]
[ext_resource path="res://scenes/FBrowser.tscn" type="PackedScene" id=4]
[ext_resource path="res://scripts/ModelViewport.gd" type="Script" id=5]
[ext_resource path="res://default_env.tres" type="Environment" id=6]

[sub_resource type="StyleBoxFlat" id=1]
bg_color = Color( 0, 0, 0, 1 )

[sub_resource type="ProceduralSky" id=2]

[sub_resource type="Environment" id=3]
background_mode = 2
background_sky = SubResource( 2 )

[sub_resource type="World" id=4]
environment = SubResource( 3 )

[node name="GameManager" type="CanvasLayer"]
script = ExtResource( 1 )

[node name="VC_UI" type="ViewportContainer" parent="."]
margin_right = 960.0
margin_bottom = 540.0
stretch = true

[node name="V_UI" type="Viewport" parent="VC_UI"]
size = Vector2( 960, 540 )
handle_input_locally = false
disable_3d = true
usage = 0
render_target_update_mode = 3

[node name="Camera2D" type="Camera2D" parent="VC_UI/V_UI"]
position = Vector2( 480, 270 )
current = true
editor_draw_limits = true
editor_draw_drag_margin = true

[node name="Panel" type="Panel" parent="VC_UI/V_UI"]
margin_right = 960.0
margin_bottom = 540.0
custom_styles/panel = SubResource( 1 )

[node name="TitleLabel" parent="VC_UI/V_UI/Panel" instance=ExtResource( 2 )]
margin_left = 260.0
margin_top = 10.0
margin_right = 710.0
margin_bottom = 67.0
text = "Model Viewer"

[node name="BrowseButton" parent="VC_UI/V_UI/Panel" instance=ExtResource( 3 )]
margin_left = 390.0
margin_top = 482.0
margin_right = 540.0
margin_bottom = 522.0

[node name="FBrowser" parent="VC_UI/V_UI/Panel" instance=ExtResource( 4 )]
visible = true
margin_left = 28.0
margin_top = 90.0
margin_right = -30.0
margin_bottom = -90.0
current_dir = "/home/zamme/Vilo_Studio/Model_Viewer"
current_path = "/home/zamme/Vilo_Studio/Model_Viewer/"

[node name="VC_Model" type="ViewportContainer" parent="."]
visible = false
margin_left = 30.0
margin_top = 90.0
margin_right = 938.0
margin_bottom = 450.0
stretch = true

[node name="V_M" type="Viewport" parent="VC_Model"]
size = Vector2( 908, 360 )
own_world = true
world = SubResource( 4 )
handle_input_locally = false
render_target_update_mode = 0
script = ExtResource( 5 )

[node name="Camera" type="Camera" parent="VC_Model/V_M"]
transform = Transform( 1, 0, 0, 0, 1, 0, 0, 0, 1, 0, 0, 4.24054 )
keep_aspect = 0
environment = ExtResource( 6 )
current = true

[node name="Default_Object_Position" type="Position3D" parent="VC_Model/V_M"]
transform = Transform( 1, 0, 0, 0, 1, 0, 0, 0, 1, 0, 0, -1.81774 )
[connection signal="pressed" from="VC_UI/V_UI/Panel/BrowseButton" to="." method="_on_BrowseButton_pressed"]
[connection signal="file_selected" from="VC_UI/V_UI/Panel/FBrowser" to="." method="_on_FBrowser_file_selected"]
